@article{baier1986trust,
  title={Trust and antitrust},
  author={Baier, Annette},
  journal={Ethics},
  volume={96},
  number={2},
  pages={231--260},
  year={1986},
  publisher={University of Chicago Press}
}

@article{weissmann2006role,
  title={Role modeling humanistic behavior: learning bedside manner from the experts},
  author={Weissmann, Peter F and Branch, William T and Gracey, Catherine F and Haidet, Paul and Frankel, Richard M},
  journal={Academic Medicine},
  volume={81},
  number={7},
  pages={661--667},
  year={2006},
  publisher={LWW}
}

@article{o2014trust,
  title={Trust, trustworthiness and accountability},
  author={O’Neill, Onora},
  journal={Capital failure: Rebuilding trust in financial services},
  pages={172--192},
  year={2014},
  publisher={OUP Oxford}
}

@MISC{alexamurder,
   author =       "Gerald Sauer",
   title =        "A Murder Case Tests Alexa's Devotion to Your Privacy",
   editor =       "wired.com",
   month =        "February",
   year =         "2017",
   url =          "\url{https://www.wired.com/2017/02/murder-case-tests-alexas-devotion-privacy/}",
   note =         "[Online; posted 28 Feb 2017]",
 }


@article{zuckerman2014internet,
  title={The Internet’s original sin},
  author={Zuckerman, Ethan},
  journal={The Atlantic},
  volume={14},
  pages={1--8},
  year={2014}
}

@book{marichal2016facebook,
  title={Facebook Democracy: The architecture of disclosure and the threat to public life},
  author={Marichal, Jos{\'e}},
  year={2016},
  publisher={Routledge}
}

@inproceedings{greenberg2014dark,
  title={Dark patterns in proxemic interactions: a critical perspective},
  author={Greenberg, Saul and Boring, Sebastian and Vermeulen, Jo and Dostal, Jakub},
  booktitle={Proceedings of the 2014 conference on Designing interactive systems},
  pages={523--532},
  year={2014},
  organization={ACM}
}

@inproceedings{soroush2014self,
  title={Self-control in casual games: The relationship between Candy Crush Saga™ players' in-app purchases and self-control},
  author={Soroush, Milad and Hancock, Mark and Bonns, Vanessa K},
  booktitle={Games Media Entertainment (GEM), 2014 IEEE},
  pages={1--6},
  year={2014},
  organization={IEEE}
}

@inproceedings{zagal2013dark,
  title={Dark patterns in the design of games},
  author={Zagal, Jos{\'e} P and Bj{\"o}rk, Staffan and Lewis, Chris},
  booktitle={Foundations of Digital Games 2013},
  year={2013}
}

@article{nass1999people,
  title={Are people polite to computers? Responses to computer-based interviewing systems},
  author={Nass, Clifford and Moon, Youngme and Carney, Paul},
  journal={Journal of Applied Social Psychology},
  volume={29},
  number={5},
  pages={1093--1109},
  year={1999},
  publisher={Wiley Online Library}
}

@article{matthias2015robot,
  title={Robot lies in health care: when is deception morally permissible?},
  author={Matthias, Andreas},
  journal={Kennedy Institute of Ethics Journal},
  volume={25},
  number={2},
  pages={169--162},
  year={2015},
  publisher={The Johns Hopkins University Press}
}

@misc{boden2011principles,
  title={Principles of Robotics [online] Swindon, UK: The United Kingdom’s Engineering and Physical Sciences Research Council (EPSRC)},
  author={Boden, M and Bryson, J and Caldwell, D and Dautenhahn, K and Edwards, L and Kember, S and Newman, P and Parry, V and Pegman, G and Rodden, T and others},
  year={2011}
}

@article{bryson2010robots,
  title={Robots should be slaves},
  author={Bryson, Joanna J},
  journal={Close Engagements with Artificial Companions: Key social, psychological, ethical and design issues},
  pages={63--74},
  year={2010},
  publisher={John Benjamins}
}

@article{hern2017give,
  title={Give robots ‘personhood’status, EU committee argues},
  author={Hern, Alex},
  journal={The Guardian. https://www. theguardian. com/technology/2017/jan/12/give-robots-personhood-status-eu-committee-argues. Accessed},
  volume={27},
  year={2017}
}

@InCollection{sep-respect,
	author       =	{Dillon, Robin S.},
	title        =	{Respect},
	booktitle    =	{The Stanford Encyclopedia of Philosophy},
	editor       =	{Edward N. Zalta},
	howpublished =	{\url{https://plato.stanford.edu/archives/win2016/entries/respect/}},
	year         =	{2016},
	edition      =	{Winter 2016},
	publisher    =	{Metaphysics Research Lab, Stanford University}
}

@article{friedman1992human,
  title={Human agency and responsible computing: Implications for computer system design},
  author={Friedman, Batya and Kahn, Peter H},
  journal={Journal of Systems and Software},
  volume={17},
  number={1},
  pages={7--14},
  year={1992},
  publisher={Elsevier}
}